@INPROCEEDINGS{Schiendorfer2014,
  author = {Alexander Schiendorfer and
            Jan-Philipp Steghöfer and
            Wolfgang Reif},
  title = {{Synthesis and Abstraction of Constraint Models for Hierarchical Resource Allocation Problems}},
  booktitle  = {Proc.\ 6\textsuperscript{th} Int. Conf.
                Agents and Artificial Intelligence (ICAART'14), Vol. 2},
  novolume = {2},
  pages = {15-27},
  publisher = {SciTePress},
  nomonth = {March},
  year = {2014},
}

 
@INPROCEEDINGS{SchiendorferSyn2014, 
author={Alexander Schiendorfer and Jan-Philipp Stegh{\"o}fer and Wolfgang Reif}, 
booktitle={Proc. 3\textsuperscript{rd} Int. Wsh. Smart Energy Networks \& Multi-Agent Systems (SEN-MAS'14)}, 
title={{Synthesised Constraint Models for Distributed Energy Management}}, 
year={2014},
pages = {1529 - 1538}
}

@INPROCEEDINGS{Schiendorfer13,
  author = {Alexander Schiendorfer and
            Jan-Philipp Steghöfer and
            Alexander Knapp and
            Florian Nafz and
            Wolfgang Reif},
  title = {{Constraint Relationships for Soft Constraints}},
  editor = {Max Bramer and
            Miltos Petridis},
  booktitle = {Proc. 33\textsuperscript{rd} SGAI Int. Conf.
               Innovative Techniques and Applications of Artificial Intelligence (AI'13)},
  publisher = {Springer},
  year = {2013},
  pages = {241-255},
  nolanguage = {English}
}

@INPROCEEDINGS{Eberhardinger2014,
  author = {Benedikt Eberhardinger and Hella Seebach and Alexander Knapp and
 Wolfgang Reif},
  title = {{Towards Testing Self-Organizing, Adaptive Systems}},
  booktitle = {Proc.\ 26\textsuperscript{th} Int. Conf. Testing Software and Systems (ICTSS'2014)},
  year = {2014},
  publisher = {Springer},
  series={Lect. Notes Comp. Sci. 8763}
}

@INPROCEEDINGS{Steghoefer2010,
year={2010},
booktitle={Proc.\ 7\textsuperscript{th} Int. Conf. Autonomic and Trusted Computing (ATC'2010) },
series={Lect. Notes Comp. Sci. 6407},
title={{Trustworthy Organic Computing Systems: Challenges and Perspectives}},
publisher={Springer},
keywords={Organic Computing; Trust; Trustworthy Systems},
author={Steghöfer, Jan-Philipp and Kiefhaber, Rolf and Leichtenstern, Karin and Bernard, Yvonne and Klejnowski, Lukas and Reif, Wolfgang and Ungerer, Theo and André, Elisabeth and Hähner, Jörg and Müller-Schloer, Christian},
pages={62-76}
}

@article{Bistarelli1999,
year={1999},
issn={1383-7133},
journal={Constraints},
volume={4},
number={3},
title={{Semiring-Based CSPs and Valued CSPs: Frameworks, Properties, and Comparison}},
publisher={Kluwer Academic Publishers},
keywords={overconstrained problems; constraint satisfaction; optimization; soft constraint; dynamic programming; branch and bound; complexity},
author={Bistarelli, S. and Montanari, U. and Rossi, F. and Schiex, T. and Verfaillie, G. and Fargier, H.},
pages={199-240},
language={English}
}

@ARTICLE{bistarelli-codognet-rossi:ai:2002,
  AUTHOR = {Stefano Bistarelli and
            Philippe Codognet and
            Francesca Rossi},
  TITLE = {{Abstracting Soft Constraints: Framework, Properties, Examples}},
  JOURNAL = {Artif. Intell.},
  VOLUME = {139},
  YEAR = {2002},
  PAGES = {175-211},
}

@ARTICLE{bohnenblust:duke:1940,
  AUTHOR = {Henri Frédéric Bohnenblust},
  TITLE = {{An Axiomatic Characterization of $L_p$-spaces}},
  JOURNAL = {Duke Math. J.},
  VOLUME = {6},
  YEAR = {1940},
  PAGES = {627-640},
}

@incollection{Delgado2005,
year={2005},
booktitle={Multiparadigm Programming in Mozart/Oz},
series={Lect. Notes Comp. Sci. 3389},
editor={Van Roy, Peter},
title={{Implementing Semiring-Based Constraints Using Mozart}},
publisher={Springer Berlin Heidelberg},
author={Delgado, Alberto and Olarte, CarlosAlberto and Pérez, JorgeAndrés and Rueda, Camilo},
pages={224-236}
}


@INPROCEEDINGS{Gadducci2013,
year={2013},
booktitle={Proc.\ 12\textsuperscript{th} Mexican Int. Conf. Artificial Intelligence (MICAI'2013)},
series={Lect. Notes Comp. Sci. 8265},
editor={Castro, Félix and Gelbukh, Alexander and González, Miguel},
title={Soft Constraints for Lexicographic Orders},
publisher={Springer},
author={Gadducci, Fabio and Hölzl, Mattias and Monreale, GiacomaV. and Wirsing, Martin},
pages={68-79},
language={English}
}

@book{tsang1993foundations,
  title={Foundations of Constraint Satisfaction},
  author={Tsang, Edward P. K.},
  series = {Computation in Cognitive Science 289},
  year={1993},
  publisher={Academic Press}
}


@article{cooper2004arc,
  title={{Arc Consistency for Soft Constraints}},
  author={Cooper, Martin and Schiex, Thomas},
  journal={Artificial Intelligence},
  volume={154},
  number={1},
  pages={199--227},
  year={2004},
  publisher={Elsevier}
}

@incollection{Hoelzl2011,
year={2011},
booktitle={Formal Modeling: Actors, Open Systems, Biological Systems},
series={Lect. Notes Comp. Sci. 7000},
editor={Agha, Gul and Danvy, Olivier and Meseguer, José},
title={{Towards a System Model for Ensembles}},
publisher={Springer},
author={Hölzl, Matthias and Wirsing, Martin},
pages={241-261},
language={English}
}

@incollection{Nafz2011,
year={2011},
isbn={978-3-0348-0129-4},
booktitle={{Organic Computing — A Paradigm Shift for Complex Systems}},
volume={1},
series={Autonomic Systems},
editor={Müller-Schloer, Christian and Schmeck, Hartmut and Ungerer, Theo},
title={{Constraining Self-organisation Through Corridors of Correct Behaviour: The Restore Invariant Approach}},
publisher={Springer},
keywords={Self-organisation; Formal verification; Decentralised algorithms},
author={Nafz, Florian and Seebach, Hella and Steghöfer, Jan-Philipp and Anders, Gerrit and Reif, Wolfgang},
pages={79-93}
}

@article{Bistarelli1997,
 author = {Bistarelli, Stefano and Montanari, Ugo and Rossi, Francesca},
 title = {{Semiring-based Constraint Satisfaction and Optimization}},
 journal = {J. ACM},
 volume = {44},
 number = {2},
 nomonth = {March},
 year = {1997},
 pages = {201--236},
 numpages = {36},
 publisher = {ACM}
} 


% Qualitative formalims
@INPROCEEDINGS{Doyle2003,
  author = {Jon Doyle and
            Michael McGeachie},
  title = {{Exercising Qualitative Control in Autonomous Adaptive Survivable Systems}},
  booktitle = {Proc. 2\textsuperscript{nd} Int. Conf. Self-adaptive Software: Applications (IWSAS'01)},
  series = {Lect. Notes Comp. Sci. 2614},
  novolume = {2614},
  publisher = {Springer},
  noaddress = {Berlin, Heidelberg},
  year = {2003},
  pages = {158-170},
  numpages = {13}
} 

@inproceedings{Hoelzl2009,
title = {{Which Soft Constraints do you Prefer?}},
series = {{Electronic Notes in Theoretical Computer Science}},
volume = {238(3)},
nonumber = {3},
pages = {189-205},
year = {2009},
booktitle = {Proc.\ 7\textsuperscript{th} Int. Wsh. Rewriting Logic and its Applications (WRLA'2008)},
author = {Matthias Hölzl and Max Meier and Martin Wirsing}
}

@INPROCEEDINGS{Hosobe2009, 
author={Hosobe, Hiroshi}, 
booktitle={Proc.\ 21\textsuperscript{st} Int. Conf. Tools with Artificial Intelligence (ICTAI'2009)}, 
title={{Constraint Hierarchies as Semiring-Based CSPs}}, 
year={2009}, 
pages={176-183}, 
ISSN={1082-3409}
}

@TECHREPORT{knapp-schiendorfer2014,
  author = {Alexander Knapp and
            Alexander Schiendorfer},
  title = {{Embedding Constraint Relationships into C-Semirings}},
  institution = {Institute for Software and Systems Engineering, University of Augsburg},
  number = {2014-03},
  note = {\url{http://opus.bibliothek.uni-augsburg.de/opus4/frontdoor/index/index/docId/2684}},
  year = {2014}
}

@BOOK{amadio-curien:1998,
  author = {Roberto M. Amadio and
            Pierre-Louis Curien},
  title = {Domains and Lambda-Calculi},
  series = {Cambridge Tracts in Theoretical Computer Science 46},
  novolume = {46},
  publisher = {Cambridge University Press},
  year = {1998},
}

@inproceedings{knapp-schiendorfer2014ictai,
  author = {Alexander Knapp and
            Alexander Schiendorfer and Wolfgang Reif},
  title = {{Quality over Quantity in Soft Constraints}},
  booktitle={Proc.\ 26\textsuperscript{th} Int. Conf. Tools with Artificial Intelligence (ICTAI'2014)},
  year = {2014},
  pages = {453-460}
}

@ARTICLE{borning1992hierarchies,
  author = {Alan Borning and
            Bjorn Freeman-Benson and
            Molly Wilson},
  title = {{Constraint Hierarchies}},
  journal = {LISP Symb. Comp.},
  volume = {5},
  issue = {3},
  year = {1992},
  pages = {223-270},
  affiliation = {Department of Computer Science and Engineering, FR-35 University of Washington 98195 Seattle Washington},
  issn = {0892-4635},
  publisher = {Springer Netherlands},
  keyword = {Computer Science},
}

@inproceedings{Rollon2007,
 author = {Rollon, Emma and Larrosa, Javier},
 title = {{Multi-objective Russian Doll Search}},
 booktitle = {Proc. 22\textsuperscript{nd} Nat. Conf. Artificial Intelligence (AAAI'07), Vol. 1},
 year = {2007},
 pages = {249-254},
 numpages = {6},
 publisher = {AAAI Press}
} 

@INPROCEEDINGS{Schiex1995valued,
  author = {Thomas Schiex and
            H{\'e}l{\`e}ne Fargier and
            G{\'e}rard Verfaillie},
  title = {{Valued Constraint Satisfaction Problems: Hard and Easy Problems}},
  booktitle = {Proc. 14\textsuperscript{th} Int. Joint Conf.
               Artificial Intelligence (IJCAI'95), Vol. 1},
  publisher = {Morgan Kaufmann},
  year = {1995},
  pages = {631-639},
}

@INPROCEEDINGS{Leenen2007,
  author = {Louise Leenen and
            Anbulagan and
            Thomas Meyer and
            Aditya K. Ghose},
  title = {{Modeling and Solving Semiring Constraint Satisfaction Problems by Transformation to Weighted Semiring Max-SAT}},
  editor = {Mehmet A. Orgun and
            John Thornton},
  booktitle = {Proc. 20\textsuperscript{th} Australian Joint Conf.
               Artificial Intelligence (ACAI'07)},
  series = {Lect. Notes Comp. Sci. 4830},
  publisher = {Springer},
  year = {2007},
  pages = {202-212}
}

@article{bistarelli2004soft,
  title={{Soft Constraint Propagation and Solving in Constraint Handling Rules}},
  author={Bistarelli, Stefano and Fr{\"u}hwirth, T and Marte, Michael and Rossi, Francesca},
  journal={Computational Intelligence},
  volume={20},
  number={2},
  pages={287--307},
  year={2004},
  publisher={Wiley Online Library}
}

@INCOLLECTION{Rossi2006Handbook,
  author = {P. Meseguer and
            Francesca Rossi and
            T. Schiex},
  title = {{Soft Constraints}},
  editor = {Francesca Rossi and
            P. van Beek and
            Toby Walsh},
  booktitle = {Handbook of Constraint Programming},
  publisher = {Elsevier},
  year = {2006},
  chapter = {9},
}

@INCOLLECTION{Smith2006Handbook,
  author = {Barbara M. Smith},
  title = {{Modelling}},
  editor = {Francesca Rossi and
            P. van Beek and
            Toby Walsh},
  booktitle = {Handbook of Constraint Programming},
  publisher = {Elsevier},
  year = {2006},
  chapter = {11},
}

@inproceedings{steghoefer2013sos,
  author = {Jan-Philipp Stegh{\"o}fer and Gerrit Anders and Florian Siefert and Wolfgang Reif},
  title =  {{A System of Systems Approach to the Evolutionary Transformation of Power Management Systems}},
  booktitle = {Wsh. Proc.\ 43\textsuperscript{th} Nat. Conf.
               GI Jahrestagung (INFORMATIK'13)},
  series = {Lect. Notes Inf.},
  volume = {P-220},
  publisher={Bonner K{\"o}llen Verlag},
  year = {2013}
  }
  

@INPROCEEDINGS{Anders2014,
  author = {Gerrit Anders and
            Alexander Schiendorfer and
            Jan-Philipp Steghöfer and
            Wolfgang Reif},
  title = {{Robust Scheduling in a Self-Organizing Hierarchy of Autonomous Virtual Power Plants}},
  editor = {Walter Stechele and
            Thomas Wild},            
  booktitle={Proc. 2\textsuperscript{nd} Int. Wsh. Self-optimisation in Organic and Autonomic Computing Systems (SAOS'14)}, 
  year = {2014},
  pages = {1-8},
}

@ARTICLE{BistarelliMRSVF99,
  author = {Stefano Bistarelli and
            Ugo Montanari and
            Francesca Rossi and
            Thomas Schiex and
            Gérard Verfaillie and
            Hélène Fargier},
  title = {{Semiring-Based CSPs and Valued CSPs: Frameworks, Properties, and Comparison}},
  journal = {Constraints},
  volume = {4},
  number = {3},
  year = {1999},
  pages = {199-240}
}

@BOOK{SannellaTarlecki2012,
  author = {Don Sannella and Andrzej Tarlecki},
  title = {{Foundations of Algebraic Specification and Formal Software Development}},
  series = {EATCS Monographs in Theoretical Computer Science},
  publisher = {Springer},
  year = {2012},
}

@article{FreuderW92,
  author = {Eugene C. Freuder and Richard J. Wallace},
  title = {{Partial Constraint Satisfaction}},
  journal = {Artif. Intell.},
  volume = {58},
  number = {1--3},
  year = {1992},
  pages = {21-70}
}

@inproceedings{petit2000meta,
  title={{Meta-Constraints on Violations for Over Constrained Problems}},
  author={Thierry Petit and Jean-Charles  Régin and Christian Bessière},
  booktitle={Proc.\ 12\textsuperscript{th} Int. Conf. Tools with Artificial Intelligence (ICTAI'2000)},
  pages={358--365},
  year={2000}
}

@incollection{SchiendorferPvs2015, 
author={Alexander Schiendorfer and Alexander Knapp and Jan-Philipp Steghöfer and Gerrit Anders and Florian Siefert and Wolfgang Reif },
booktitle={Software, Services and Systems - Essays Dedicated to Martin Wirsing on the Occasion of His Emeritation}, 
title={{Partial Valuation Structures for Qualitative Soft Constraints}},
series = {Lect. Notes Comp. Sci. 8950}, 
year={2015},
editor={Rocco De Nicola and Rolf Hennicker},
publisher = {Springer}
}

@incollection{sachenbacher2006conflict,
  title={{Conflict-Directed A* Search for Soft Constraints}},
  author={Martin Sachenbacher and Brian C. Williams},
  booktitle={Proc.\ 3\textsuperscript{rd} Int. Conf. Integration of Artificial Intelligence and Operations Research Techniques in Constraint   
  Programming (CPAIOR'2006)},
  pages={182--196},
  year={2006},
  publisher={Springer}
}

@incollection{van2011over,
  title={{Over-constrained Problems}},
  author={Willem-Jan van Hoeve},
  booktitle={Hybrid Optimization},
  pages={191--225},
  year={2011},
  publisher={Springer}
}

@article{AnsoteguiBPSV13constraints,
  author    = {Carlos Ans{\'o}tegui and
               Miquel Bofill and
               Miquel Palah\'{\i} and
               Josep Suy and
               Mateu Villaret},
  title     = {{Solving Weighted CSPs with Meta-Constraints by Reformulation
               into Satisfiability Modulo Theories}},
  journal   = {Constraints},
  volume    = {18},
  number    = {2},
  year      = {2013},
  pages     = {236-268}
}