% OC-Trust publications

@INPROCEEDINGS{Schiendorfer2014,
  author = {Alexander Schiendorfer and
            Jan-Philipp Steghöfer and
            Wolfgang Reif},
  title = {{Synthesis and Abstraction of Constraint Models for Hierarchical Resource Allocation Problems}},
  booktitle  = {Proc.\ 6\textsuperscript{th} Int. Conf.
                Agents and Artificial Intelligence (ICAART'14), Vol. 2},
  novolume = {2},
  pages = {15-27},
  publisher = {SciTePress},
  nomonth = {March},
  year = {2014},
}

@INPROCEEDINGS{SchiendorferSyn2014, 
author={Alexander Schiendorfer and Jan-Philipp Stegh{\"o}fer and Wolfgang Reif}, 
booktitle={Proc. 3\textsuperscript{rd} Int. Wsh. Smart Energy Networks \& Multi-Agent Systems (SEN-MAS'14)}, 
title={{Synthesised Constraint Models for Distributed Energy Management}}, 
year={2014},
note={To appear. \url{http://www.isse.uni-augsburg.de/en/publications/publications_reif/2014-SEN-MAS-Synthesis/}}
}

@INPROCEEDINGS{Anders2014,
  author = {Gerrit Anders and
            Alexander Schiendorfer and
            Jan-Philipp Steghöfer and
            Wolfgang Reif},
  title = {{Robust Scheduling in a Self-Organizing Hierarchy of Autonomous Virtual Power Plants}},
  editor = {Walter Stechele and
            Thomas Wild},
  booktitle = {Wsh. Proc.\ 27\textsuperscript{th} Int. Conf.
               Architecture of Computing Systems (ARCS'14)},
  year = {2014},
  pages = {1-8},
}

@INPROCEEDINGS{Schiendorfer13,
  author = {Alexander Schiendorfer and
            Jan-Philipp Steghöfer and
            Alexander Knapp and
            Florian Nafz and
            Wolfgang Reif},
  title = {{Constraint Relationships for Soft Constraints}},
  editor = {Max Bramer and
            Miltos Petridis},
  booktitle = {Proc. 33\textsuperscript{rd} SGAI Int. Conf.
               Innovative Techniques and Applications of Artificial Intelligence (AI'13)},
  publisher = {Springer},
  year = {2013},
  pages = {241-255},
  nolanguage = {English}
}

% TruCAOS -> market based simulation
@INPROCEEDINGS{anders2013cooperative,
  author = {Gerrit Anders and
            Jan-Philipp Stegh\"{o}fer and
            Florian Siefert and
            Wolfgang Reif},
  title = {{A Trust- and Cooperation-Based Solution of a Dynamic Resource Allocation Problem}},
  booktitle = {Proc. 7\textsuperscript{th} IEEE Int. Conf.
               Self-Adaptive and Self-Organizing Systems (SASO'13)},
  publisher = {IEEE},
  year = {2013},
  location = {Philadelphia, PA},
}

% Soft constraints and preferences
@INCOLLECTION{Rossi2006Handbook,
  author = {Pedro Meseguer and
            Francesca Rossi and
            Thomas Schiex},
  title = {{Soft Constraints}},
  editor = {Francesca Rossi and
            Peter van Beek and
            Toby Walsh},
  booktitle = {Handbook of Constraint Programming},
  publisher = {Elsevier},
  year = {2006},
  chapter = {9},
}

@inproceedings{BistarelliGLR08,
  author    = {Stefano Bistarelli and
               Fabio Gadducci and
               Javier Larrosa and
               Emma Rollon},
  title     = {{A Soft Approach to Multi-objective Optimization}},
  editor    = {Maria Garcia de la Banda and
               Enrico Pontelli},
  booktitle = {Proc. 24\textsuperscript{th} Int. Conf. Logic Programming (ICLP'08)},
  series    = {Lect. Notes Comp. Sci.},
  number    = {5366},  
  publisher = {Springer},
  year      = {2008},
  pages     = {764-768}
}

%  doi = {10.1007/s10601-013-9153-3} 
@ARTICLE{Rossi2014,
  author = {Francesca Rossi},
  title = {{Collective Decision Making: A Great Opportunity for Constraint Reasoning}},
  journal = {Constraints},
  volume = {19},
  number = {2},
  year = {2014},
  pages = {186-194},
  nopublisher = {Springer US},
  keywords = {Constraint reasoning; Collective decision making; Social networks; Voting and game theory; Multi-agent systems},
  issn = {1383-7133},
  language = {English},
}

% doi = {10.1007/3-540-61551-2_74},
@INCOLLECTION{Gent1996,
  author = {Ian P. Gent and
            Ewan MacIntyre and
            Patrick Presser and
            Barbara M. Smith and
            Toby Walsh},
  title = {{An Empirical Study of Dynamic Variable Ordering Heuristics for the Constraint Satisfaction Problem}},
  editor = {Eugene C. Freuder},
  booktitle = {Proc. 2\textsuperscript{nd} Int. Conf.
               Principles and Practice of Constraint Programming (CP'96)},
  publisher = {Springer},
  series = {Lect. Notes Comp. Sci.},
  number = {1118},
  year = {1996},
  pages = {179-193},
  isbn = {978-3-540-61551-4}
}

@INPROCEEDINGS{levasseur2007value,
  author = {Nicolas Levasseur and
            Patrice Boizumault and
            Samir Loudni},
  title = {{A Value Ordering Heuristic for Weighted CSP}},
  booktitle = {Proc. 19\textsuperscript{th} Int. Conf.
               Tools with Artificial Intelligence (ICTAI'07), Vol. 1},
  publisher = {IEEE},
  year = {2007},
  pages = {259-262},
}

@ARTICLE{Boutilier2004,
  author = {Craig Boutilier and
            Ronen I. Brafman and
            Carmel Domshlak and
            Holger H. Hoos and
            David Poole},
  title = {{CP-nets: A Tool for Representing and Reasoning with Conditional Ceteris Paribus Preference Statements}},
  journal = {J. Artif. Intell. Res.},
  volume = {21},
  year = {2004},
  pages = {135-191},
}

%  doi = {http://dx.doi.org/10.1016/j.artint.2010.02.001},
@ARTICLE{Cooper2010,
  author = {Martin C. Cooper and
            Simon {de Givry} and
            M. Sanchez and
            Thomas Schiex and
            Matthias Zytnicki and
            T. Werner},
  title = {{Soft Arc Consistency Revisited}},
  journal = {Artif. Intell.},
  volume = {174},
  number = {7–8},
  pages = {449-478},
  year = {2010},
  issn = {0004-3702},
  keywords = {Valued constraint satisfaction problem,
              Weighted constraint satisfaction problem,
              Soft constraints,
              Constraint optimization,
              Local consistency,
              Soft arc consistency,
              Graphical model,
              Submodularity},
}


@ARTICLE{Rossi2008,
  author = {Francesca Rossi and
            Kristen Brent Venable and
            Toby Walsh},
  title = {{Preferences in Constraint Satisfaction and Optimization}},
  journal = {AI Mag.},
  volume = {29},
  number = {4},
  year = {2008},
  pages = {58-68}
}

%  doi = {10.1007/978-3-642-45114-0_6},
%  isbn = {978-3-642-45113-3},
%  nourl = {http://dx.doi.org/10.1007/978-3-642-45114-0_6},
@INPROCEEDINGS{Gadducci2013,
  author = {Fabio Gadducci and
            Matthias M. Hölzl and
            Giacoma V. Monreale and
            Martin Wirsing},
  title = {{Soft Constraints for Lexicographic Orders}},
  editor = {Félix Castro and
            Alexander Gelbukh and
            Miguel González},
  booktitle = {Proc. 12\textsuperscript{th} Mexican Int. Conf.
               Artificial Intelligence (MICAI'13)},
  series = {Lect Notes Comp. Sci.},
  number = {8265},
  publisher = {Springer},
  year = {2013},
  pages = {68-79},
  keywords = {Soft constraints; lexicographic orders},
}

%  doi = {http://dx.doi.org/10.1016/j.entcs.2009.05.020},
%  nourl = {http://www.sciencedirect.com/science/article/pii/S157106610900142X},
@INPROCEEDINGS{Holzl2009,
  author = {Matthias Hölzl and Max Meier and Martin Wirsing},
  title = {{Which Soft Constraints Do You Prefer?}},
  booktitle = {Proc. 7\textsuperscript{th} Int. Wsh.
               Rewriting Logic and its Applications (WRLA'08)},
  series = {Electr. Notes Theo. Comp. Sci.},
  number = {238(3)},
  publisher = {Elsevier},
  year = {2009},
  pages = {189-205},
  issn = {1571-0661},
  keywords = {Soft Constraints, Rewriting Logic},
}

@ARTICLE{bistarelli1997semiring,
  author = {Stefano Bistarelli and
            Ugo Montanari and
            Francesca Rossi},
  title = {{Semiring-based Constraint Satisfaction and Optimization}},
  journal = {J. ACM},
  volume = {44},
  number = {2},
  pages = {201-236},
  year = {1997},
}

@ARTICLE{BistarelliMRSVF99,
  author = {Stefano Bistarelli and
            Ugo Montanari and
            Francesca Rossi and
            Thomas Schiex and
            Gérard Verfaillie and
            Hélène Fargier},
  title = {{Semiring-Based CSPs and Valued CSPs: Frameworks, Properties, and Comparison}},
  journal = {Constraints},
  volume = {4},
  number = {3},
  year = {1999},
  pages = {199-240}
}

@INPROCEEDINGS{sachenbacher2004diagnosis,
  author = {Martin Sachenbacher and
            Brian C. Williams},
  title = {{Diagnosis as Semiring-based Constraint Optimization}},
  editor = {Ramon L{\'o}pez de M{\'a}ntaras and
            Lorenza Saitta},
  booktitle = {Proc. 16\textsuperscript{th} Europ. Conf.
               Artificial Intelligence (ECAI'04)},
  publisher = {IOS Press},
  year = {2004},
  pages = {873-877},
}

%   doi = {10.1007/978-3-540-76928-6_22},
%  nourl = {http://dx.doi.org/10.1007/978-3-540-76928-6_22},
@INPROCEEDINGS{Leenen2007,
  author = {Louise Leenen and
            Anbulagan and
            Thomas Meyer and
            Aditya K. Ghose},
  title = {{Modeling and Solving Semiring Constraint Satisfaction Problems by Transformation to Weighted Semiring Max-SAT}},
  editor = {Mehmet A. Orgun and
            John Thornton},
  booktitle = {Proc. 20\textsuperscript{th} Australian Joint Conf.
               Artificial Intelligence (ACAI'07)},
  series = {Lect. Notes Comp. Sci.},
  number = {4830},
  publisher = {Springer},
  year = {2007},
  pages = {202-212},
  isbn = {978-3-540-76926-2}
}

%   doi = {10.1007/978-3-540-89197-0_96},
%  nourl = {http://dx.doi.org/10.1007/978-3-540-89197-0_96},
@INPROCEEDINGS{Leenen2008,
  author={Louise Leenen and
          Aditya K. Ghose},
  title = {{Branch and Bound Algorithms to Solve Semiring Constraint Satisfaction Problems}},
  editor = {Tu-Bao Ho and
            Zhi-Hua Zhou},
  booktitle = {Proc. 10\textsuperscript{th} Pacific Rim Int. Conf.
               Artificial Intelligence (PRICAI'08)},
  series = {Lect. Notes Comp. Sci.},
  number = {5351},
  publisher = {Springer},
  year = {2008},
  pages = {991-997},
  isbn = {978-3-540-89196-3}
}

@INPROCEEDINGS{Schiex1995valued,
  author = {Thomas Schiex and
            H{\'e}l{\`e}ne Fargier and
            G{\'e}rard Verfaillie},
  title = {{Valued Constraint Satisfaction Problems: Hard and Easy Problems}},
  booktitle = {Proc. 14\textsuperscript{th} Int. Joint Conf.
               Artificial Intelligence (IJCAI'95), Vol. 1},
  publisher = {Morgan Kaufmann},
  year = {1995},
  pages = {631-639},
}

@ARTICLE{FreuderW92,
  author = {Eugene C. Freuder and
            Richard J. Wallace},
  title = {{Partial Constraint Satisfaction}},
  journal = {Artif. Intell.},
  volume = {58},
  number = {1--3},
  year = {1992},
  pages = {21-70},
  researchr = {http://researchr.org/publication/FreuderW92},
}

% doi={10.1007/s10732-006-6726-y},
@article{Rollon2006,
year={2006},
issn={1381-1231},
journal={Journal of Heuristics},
volume={12},
number={4-5},
title={{Bucket Elimination for Multiobjective Optimization Problems}},
publisher={Kluwer Academic Publishers},
keywords={Multiobjective optimization; Dynamic programming; Decomposition methods; Global constraints},
author={Rollón, Emma and Larrosa, Javier},
pages={307-328},
language={English}
}

% doi={10.1007/s10601-010-9094-z},
@article{Fargier2010,
year={2010},
issn={1383-7133},
journal={Constraints},
volume={15},
number={4},
title={{Enabling Local Computation for Partially Ordered Preferences}},
publisher={Springer US},
keywords={Soft constraints; Dynamic programming; Local computation; Valuation networks/algebra},
author={Fargier, Hélène and Rollon, Emma and Wilson, Nic},
pages={516-539},
language={English}
}

@inproceedings{Rollon2007,
 author = {Rollon, Emma and Larrosa, Javier},
 title = {Multi-objective Russian Doll Search},
 booktitle = {Proceedings of the 22Nd National Conference on Artificial Intelligence - Volume 1},
 series = {AAAI'07},
 year = {2007},
 isbn = {978-1-57735-323-2},
 location = {Vancouver, British Columbia, Canada},
 pages = {249--254},
 numpages = {6},
 acmid = {1619685},
 publisher = {AAAI Press},
} 

@INPROCEEDINGS{ansotegui2010logic,
  author = {Carlos Ans{\'o}tegui and
            María L. Bonet and
            Jordi Levi and
            Felip Many{\`a}},
  title = {{The Logic Behind Weighted CSP}},
  booktitle = {Trends in Constraint Programming},
  publisher = {ISTE},
  year = {2010},
  pages = {303-316},
  isbn = {9780470612309},
  keywords = {satisfaction problem, bioinformatics, complete assignment, bucket elimination, possible assignments},
}

@ARTICLE{bistarelli2009solving,
  author = {Stefano Bistarelli and
            Philippe Codognet and
            H. K. C. Hui and
            Jimmy Ho-Man Lee},
  title = {{Solving Finite Domain Constraint Hierarchies by Local Consistency and Tree Search}},
  journal = {J. Exp. Theor. Artif. Intell.},
  volume = {21},
  number = {4},
  pages = {233-257},
  year = {2009},
  publisher = {Taylor \& Francis},
}


@INCOLLECTION{christiansen2005hyprolog,
  author = {Henning Christiansen and
            Verónica Dahl},
  title = {{HYPROLOG: A New Logic Programming Language with Assumptions and Abduction}},
  editors = {Maurizio Gabbrielli and
             Gopal Gupta},
  booktitle = {Proc. 21\textsuperscript{st} Int. Conf.
               Logic Programming (ICLP'05)},
  series = {Lect. Notes Comp. Sci.},
  number = {3668},
  publisher = {Springer},
  year = {2005},
  pages = {159-173},
}

@INPROCEEDINGS{Hosobe2009, 
  author = {Hiroshi Hosobe}, 
  title = {{Constraint Hierarchies as Semiring-based CSPs}}, 
  booktitle = {Proc. 21\textsuperscript{st} IEEE Int. Conf.
               Tools with Artificial Intelligence (ICTAI'09)},
  publisher = {IEEE},
  year = {2009}, 
  pages = {176-183}, 
  issn = {1082-3409},
  doi = {10.1109/ICTAI.2009.43}, 
  keywords = {constraint handling,
              constraint hierarchy,
              constraint satisfaction problems,
              high-level modeling,
              semiring-based CSP,
              soft constraints,
              Artificial intelligence,
              Constraint theory,
              Costs,
              Encoding,
              Informatics,
              User interfaces,
              constraint hierarchies,
              constraints,
              semiring-based constraint satisfaction problems,
              soft constraints}, 
}

@INPROCEEDINGS{bistarelli2004encoding,
  author = {Stefano Bistarelli and
            Eugene C. Freuder and
            Barry O'Sullivan},
  title = {{Encoding Partial Constraint Satisfaction in the Semiring-based Framework for Soft Constraints}},
  booktitle = {Proc. 16\textsuperscript{th} IEEE Int. Conf.
               Tools with Artificial Intelligence (ICTAI'04)},
  publisher = {IEEE},
  year = {2004},
  pages = {240-245},
}

@ARTICLE{borning1992hierarchies,
  author = {Alan Borning and
            Bjorn Freeman-Benson and
            Molly Wilson},
  title = {{Constraint Hierarchies}},
  journal = {LISP Symb. Comp.},
  volume = {5},
  number = {3},
  year = {1992},
  pages = {223-270},
  affiliation = {Department of Computer Science and Engineering, FR-35 University of Washington 98195 Seattle Washington},
  issn = {0892-4635},
  publisher = {Springer Netherlands},
  keyword = {Computer Science},
}

% Qualitative formalims
@INPROCEEDINGS{Doyle2003,
  author = {Jon Doyle and
            Michael McGeachie},
  title = {{Exercising Qualitative Control in Autonomous Adaptive Survivable Systems}},
  booktitle = {Proc. 2\textsuperscript{nd} Int. Conf. Self-adaptive Software: Applications (IWSAS'01)},
  series = {Lect. Notes Comp. Sci.},
  number = {2614},
  publisher = {Springer},
  noaddress = {Berlin, Heidelberg},
  year = {2003},
  pages = {158-170},
  numpages = {13},
  location = {Balatonf\&\#252;red, Hungary},
  isbn = {3-540-00731-8},
  acmid = {1754800}
} 

@article{Brafman2009,
  author = {Brafman, R. and Domshlak, C.},
  title = {{Preference Handling -- An Introductory Tutorial}},
  journal = {AI Magazine},
  volume = {30},
  number = {1},
  year = {2009},
  pages = {58--86},
  keywords = {preference},
  posted-at = {2009-11-25 10:51:34},
  priority = {0}
}

@ARTICLE{Santhanam2011,
 author = {Ganesh Ram Santhanam and
           Samik Basu and
           Vasant Honavar},
 title = {{Representing and Reasoning with Qualitative Preferences for Compositional Systems}},
 journal = {J. Artif. Int. Res.},
 volume = {42},
 number = {1},
 nomonth = sep,
 year = {2011},
 pages = {211-274},
 numpages = {64},
 issn = {1076-9757},
 acmid = {2208443},
 nopublisher = {AI Access Foundation},
}

@BOOK{graetzer:2008,
  author = {George Grätzer},
  title = {Universal Algebra},
  publisher = {Springer},
  edition = {2\textsuperscript{nd}},
  year = {2008},
}

@BOOK{SannellaTarlecki2012,
  author = {Don Sannella and Andrzej Tarlecki},
  title = {{Foundations of Algebraic Specification and Formal Software Development}},
  series = {EATCS Monographs in Theoretical Computer Science},
  publisher = {Springer},
  year = {2012},
}

@BOOK{amadio-curien:1998,
  author = {Roberto M. Amadio and
            Pierre-Louis Curien},
  title = {Domains and Lambda-Calculi},
  series = {Cambridge Tracts in Theoretical Computer Science 46},
  novolume = {46},
  publisher = {Cambridge University Press},
  year = {1998},
}

@TECHREPORT{knapp-schiendorfer:tr:2014,
  author = {Alexander Knapp and
            Alexander Schiendorfer},
  title = {{Embedding Constraint Relationships into C-Semirings}},
  institution = {Institute for Software and Systems Engineering, University of Augsburg},
  number = {2014-03},
  note = {\url{http://opus.bibliothek.uni-augsburg.de/opus4/frontdoor/index/index/docId/2684}},
  year = {2014},
}

@ARTICLE{bohnenblust:duke:1940,
  AUTHOR = {Henri Frédéric Bohnenblust},
  TITLE = {{An Axiomatic Characterization of $L_p$-spaces}},
  JOURNAL = {Duke Math. J.},
  VOLUME = {6},
  NUMBER = {3},
  YEAR = {1940},
  PAGES = {627-640},
}

@ARTICLE{bistarelli-codognet-rossi:ai:2002,
  AUTHOR = {Stefano Bistarelli and
            Philippe Codognet and
            Francesca Rossi},
  TITLE = {{Abstracting Soft Constraints: Framework, Properties, Examples}},
  JOURNAL = {Artif. Intell.},
  VOLUME = {139},
  YEAR = {2002},
  PAGES = {175-211},
}

@PHDTHESIS{rollon:phd:2008,
  AUTHOR = {Emma Rollón},
  TITLE = {Multi-objective Optimization in Graphical Models},
  SCHOOL = {Universitat Politècnica de Catalunya},
  ADDRESS = {Barcelona},
  YEAR = {2008},
}

@ARTICLE{fargier-rollon-wilson:cj:2010,
  AUTHOR = {Hélène Fargier and
            Emma Rollón and
            Nic Wilson},
  TITLE = {Enabling Local Computation for Partially Ordered Preferences},
  JOURNAL = {Constraints J.},
  VOLUME = {15},
  NUMBER = {4},
  YEAR = {2010},
  PAGES = {516-539},
}

@BOOK{wechler:1992,
  AUTHOR = {Wolfgang Wechler},
  TITLE = {Universal Algebra for Computer Scientists},
  SERIES = {EATCS Monographs on Theoretical Computer Science},
  PUBLISHER = {Springer},
  YEAR = {1992},
}